<record><leader>00000cas a22000007a 4500</leader><controlfield tag="001">15473065</controlfield><controlfield tag="008">870401d19311931wiuwr ne      0    0eng d</controlfield><datafield ind1=" " ind2=" " tag="010"><subfield code="a">sn 87082405 </subfield></datafield><datafield ind1=" " ind2=" " tag="040"><subfield code="a">NPV</subfield><subfield code="b">eng</subfield><subfield code="c">NPV</subfield><subfield code="d">OCLCQ</subfield></datafield><datafield ind1=" " ind2=" " tag="042"><subfield code="a">msc</subfield></datafield><datafield ind1="0" ind2="0" tag="245"><subfield code="a">Shoppers bulletin.</subfield></datafield><datafield ind1="3" ind2="0" tag="246"><subfield code="a">Shoppers bulletin, the Racine journal-news</subfield></datafield><datafield ind1=" " ind2=" " tag="260"><subfield code="a">Racine, Wis. :</subfield><subfield code="b">Racine Journal News,</subfield><subfield code="c">1931-1931.</subfield></datafield><datafield ind1=" " ind2=" " tag="300"><subfield code="a">v.</subfield></datafield><datafield ind1=" " ind2=" " tag="310"><subfield code="a">Weekly</subfield></datafield><datafield ind1="0" ind2=" " tag="362"><subfield code="a">Vol. 1, no. 1 (May 3, 1931)-v.1, no. 27 (Nov. 1, 1931).</subfield></datafield><datafield ind1=" " ind2=" " tag="580"><subfield code="a">Issued also in a daily edition called: Racine journal-news.</subfield></datafield><datafield ind1=" " ind2=" " tag="752"><subfield code="a">United States</subfield><subfield code="b">Wisconsin</subfield><subfield code="c">Racine</subfield><subfield code="d">Racine.</subfield></datafield><datafield ind1="1" ind2=" " tag="775"><subfield code="t">Racine journal-news</subfield><subfield code="w">(DLC)sn 87082414</subfield></datafield><datafield ind1="0" ind2="0" tag="785"><subfield code="t">Journal-news' shoppers bulletin</subfield><subfield code="w">(DLC)sn 87082406</subfield></datafield></record>